% !Mode:: "TeX:UTF-8"

@article{phillips2005scalable,
  title={Scalable molecular dynamics with NAMD},
  author={Phillips, James C and Braun, Rosemary and Wang, Wei and Gumbart, James and Tajkhorshid, Emad and Villa, Elizabeth and Chipot, Christophe and Skeel, Robert D and Kale, Laxmikant and Schulten, Klaus},
  journal={Journal of computational chemistry},
  volume={26},
  number={16},
  pages={1781--1802},
  year={2005},
  publisher={Wiley Online Library}
}

@article{yao2020molecular,
  title={Molecular architecture of the SARS-CoV-2 virus},
  author={Yao, Hangping and Song, Yutong and Chen, Yong and Wu, Nanping and Xu, Jialu and Sun, Chujie and Zhang, Jiaxing and Weng, Tianhao and Zhang, Zheyuan and Wu, Zhigang and others},
  journal={Cell},
  volume={183},
  number={3},
  pages={730--738},
  year={2020},
  publisher={Elsevier}
}

@article{knott2020characterization,
  title={Characterization and engineering of a two-enzyme system for plastics depolymerization},
  author={Knott, Brandon C and Erickson, Erika and Allen, Mark D and Gado, Japheth E and Graham, Rosie and Kearns, Fiona L and Pardo, Isabel and Topuzlu, Ece and Anderson, Jared J and Austin, Harry P and others},
  journal={Proceedings of the National Academy of Sciences},
  volume={117},
  number={41},
  pages={25476--25485},
  year={2020},
  publisher={National Acad Sciences}
}


@article{han2020computational,
  title={Computational design of ACE2-based peptide inhibitors of SARS-CoV-2},
  author={Han, Yanxiao and Kr{\'a}l, Petr},
  journal={ACS nano},
  volume={14},
  number={4},
  pages={5143--5147},
  year={2020},
  publisher={ACS Publications}
}
